@article{Gross10_PRL123002,
  author = {Ali Abedi and Neepa T. Maitra and E. K. U. Gross},
  title = {Exact Factorization of the Time--Dependent Electron--Nuclear Wave
    Function},
  journal = PRL,
  year = {2010},
  volume = {105},
  pages = {123002}
}

@article{Cederbaum08_JCP124101,
  author = {L. S. Cederbaum},
  title = {Born--Oppenheimer Approximation and Beyond for Time--Dependent
    Electron Processes},
  journal = JCP,
  year = {2008},
  volume = {128},
  pages = {124101}
}

@article{Hunter75_IJQC237,
  author = {Geoffrey Hunter},
  title = {Conditional Probability Amplitudes in Wave Mechanics},
  journal = IJQC,
  year = {1975},
  volume = {9},
  number = {2},
  pages = {237--242}
}

@article{Ghosh15_MP1,
  author = {Shubham Parashar and Y. Sajeev and Swapan K. Ghosh},
  title = {Towards an Exact Factorization of the Molecular Wave Function},
  journal = MP,
  year = {2015},
  pages = {http://dx.doi.org/10.1080/00268976.2015.1074745}
}

@article{Thiel14_JCP124101,
  author = {G. Cui and W. Thiel},
  title = {Generalized Trajectory Surface--Hopping Method for Internal
    Conversion and Intersystem Crossing},
  journal = JCP,
  year = {2014},
  pages = {124101}
  }
