LI RESEARCH GROUP BIBLIOGRAPHY FILE
Created by: J.M. May
Last Modified: June 29, 2016 by P.J. Lestrange

This bib file uses the "string" command for journal names.  Thus, a list of
strings relating journal abbreviations to either the short journal name or the
full journal name is required for references to be properly formatted.  The
contents of one of two files must be included in the \bibliography{...} command
in the LaTex document: Journal_Short_Name.bib or Journal_Long_Name.bib.  These
files can found at https://github.com/liresearchgroup/latex/tree/master/bibliographies.

BIBLIOGRAPHY ENTRIES
* Sorted by year according to the publication record on the Li group website
  (http://depts.washington.edu/ligroup/Publications.html)
* Includes references from 1999 to the present.
* All cite keys are formatted as: Li[2-Digit Year]_[First Page Number]
  regardless of the last author

GAUSSIAN
The Gaussian citations are at the end of this document.  Current citations include:
====================================================
  KEY		VERSION
====================================================
  G09C		Gaussian 09 C.01
  G09D		Gaussian 09 D.01
  GDVH01	Gaussian Development Version H.01
  GDVH09P	Gaussian Development Version H.09+
  GDVH12P	Gaussian Development Version H.12+
  GDVH13	Gaussian Development Version H.13
  GDVH21	Gaussian Development Version H.21
  GDVI03P	Gaussian Development Version I.03+
  GDVI04P	Gaussian Development Version I.04+
====================================================

Chronus Quantum
The Chronus citation is at the end of this document.  

### SUBMITTED ###

@article{Li16_pp-TSH,
  author = {David B. Williams-Young and David B. Lingerfelt and Alessio Petrone
    and Yang Yang and Weitao Yang and Xiaosong Li},
  journal = JCPC,
  year = 2016,
  pages = {Submitted}
}

###  2016  ###

@article{Li16_234102,
author = {Goings, Joshua J and Li, Xiaosong},
title = {{An Atomic Orbital Based Real-time Time-dependent Density Functional Theory for Computing Electronic Circular Dichroism Band Spectra}},
journal = JCP,
year = {2016},
volume = {144},
number = {23},
pages = {234102} }

@article{Li16_JA2,
author = {Shelby, Megan L and Lestrange, Patrick J and Jackson, Nicholas E and Haldrup, Kristoffer and Mara, Michael W and Stickrath, Andrew B and Zhu, Diling and Lemke, Henrik and Chollet, Matthieu and Hoffman, Brian M and Li, Xiaosong and Chen, Lin X},
title = {{Ultrafast Excited State Relaxation of a Metalloporphyrin Revealed by Femtosecond X-ray Absorption Spectroscopy}},
journal = JACS,
year = {2016},
pages = {Just Accepted} }

@article{Li16_JA,
author = {Li, Zhong'an and Toivola, Ryan and Ding, Feizhi and Yang, Jeffrey and Lai, Po-Ni and Howie, Tucker and Georgeson, Gary and Jang, Sei-Hum and Li, Xiaosong and Flinn, Brian D and Jen, Alex K.-Y.},
title = {{Highly Sensitive Built-In Strain Sensors for Polymer Composites: Fluorescence Turn-On Response through Mechanochemical Activation}},
journal = AM,
year = {2016},
pages = {Just Accepted} }

@article{Li16_5714,
author = {Heidi D Nelson and Xiaosong Li and Daniel R Gamelin},
title = {{Computational Studies of the Electronic Structures of Copper-Doped CdSe Nanocrystals: Oxidation States, Jahn–Teller Distortions, Vibronic Bandshapes, and Singlet–Triplet Splittings}},
journal = JPCC,
year = {2016},
volume = {120},
pages = {5714-5723}}

@article{Li16_935,
author = {David B Lingerfelt and David B Williams-Young and Alessio Petrone and Xiaosong Li},
title = {{Direct Ab Initio (Meta-)Surface-Hopping Dynamics}},
journal = JCTC,
year = {2016},
volume = {12},
pages = {935-945}}

@article{Li16_1510,
author = {Dylan C Gary and Sarah E Flowers and Werner Kaminsky and Alessio Petrone and Xiaosong Li and Brandi M Cossairt},
title = {{Single Crystal and Electronic Structure of a 1.3 nm Indium Phosphide Nanocluster}},
journal = JACS,
year = {2016},
volume = {138},
pages = {1510-1513} }

###  2015  ###

@article{Li15_234103,
author = {Lestrange, Patrick J and Egidi, Franco and Li, Xiaosong},
title = {{The Consequences of Improperly Describing Oscillator Strengths Beyond the Electric Dipole Approximation}},
journal = JCP,
year = {2015},
volume = {143},
pages = {234103} }

@article{Li15_14743,
author = {Nienhaus, Lea and Goings, Joshua J and Nguyen, Duc and Wieghold, Sarah and Lyding, Joseph W and Li, Xiaosong and Gruebele, Martin},
title = {{Imaging Excited Orbitals of Quantum Dots: Experiment and Electronic Structure Theory}},
journal = JACS,
year = {2015},
volume = {137},
number = {46},
pages = {14743--14750} }

@article{Li15_144106,
author = {Goings, Joshua J and Ding, Feizhi and Davidson, Ernest R and Li, Xiaosong},
title = {{Approximate Singly Excited States from a Two-component Hartree-Fock Reference}},
journal = JCP,
year = {2015},
volume = {143},
number = {14},
pages = {144106} }

@article{Li15_114105,
author = {Ding, Feizhi and Goings, Joshua J and Liu, Hongbin and Lingerfelt, David B and Li, Xiaosong},
title = {{Ab initio Two-component Ehrenfest Dynamics}},
journal = JCP,
year = {2015},
volume = {143},
number = {11},
pages = {114105} }

@article{Li15_4146,
author = {Peng, Bo and Lestrange, Patrick J and Goings, Joshua J and Caricato, Marco and Li, Xiaosong},
title = {{Energy-Specific Equation-of-Motion Coupled-Cluster Methods for High-Energy Excited States: Application to K-edge X-ray Absorption Spectroscopy}},
journal = JCTC,
year = {2015},
volume = {11},
number = {9},
pages = {4146--4153} }

@article{Li15_4889,
author = {Intemann, Jeremy J and Yao, Kai and Ding, Feizhi and Xu, Yunxiang and Xin, Xukai and Li, Xiaosong and Jen, Alex K.-Y.},
title = {{Enhanced Performance of Organic Solar Cells with Increased End Group Dipole Moment in Indacenodithieno[3,2-b]thiophene-Based Molecules}},
journal = AFM,
year = {2015},
volume = {25},
number = {30},
pages = {4889--4897} }

@article{Li15_2994,
author = {Lestrange, Patrick J and Nguyen, Phu D and Li, Xiaosong},
title = {{Calibration of Energy-Specific TDDFT for Modeling K-edge XAS Spectra of Light Elements}},
journal = JCTC,
year = {2015},
volume = {11},
number = {7},
pages = {2994--2999} }

@article{Li15_414,
author = {Li, Chang-Zhi and Liang, Po-Wei and Sulas, Dana B and Nguyen, Phu D and Li, Xiaosong and Ginger, David S, and Cody W Schlenker and Alex K.-Y. Jen},
title = {{Modulation of Hybrid Organic--Perovskite Photovoltaic Performance by Controlling the Excited Dynamics of Fullerenes}},
journal = MH,
year = {2015},
volume = {2},
pages = {414--419} }

@article{Li15_154109,
author = {Goings, Joshua J and Ding, Feizhi and Frisch, Michael J and Li, Xiaosong},
title = {{Stability of the Complex Generalized Hartree-Fock Equations}},
journal = JCP,
year = {2015},
volume = {142},
number = {15},
pages = {154109},
month = apr }

@article{Li15_6421,
author = {Peng, Bo and Lingerfelt, David B and Ding, Feizhi and Aikens, Christine M and Li, Xiaosong},
title = {{Real-Time TDDFT Studies of Exciton Decay and Transfer in Silver Nanowire Arrays}},
journal = JPCC,
year = {2015},
volume = {119},
number = {11},
pages = {6421--6427},
month = mar }

@article{Li15_6929,
author = {Bin Zhao and Li, Chang-Zhi and Liu, Sheng-Qiang and Richards, Jeffrey J and Chueh, Chu-Chen and Ding, Feizhi and Pozzo, Lilo D and Li, Xiaosong and Jen, Alex K.-Y.},
title = {{A Conductive Liquid Crystal \textit{via} Facile Doping of an n-type Benzodifurandione Derivative}},
journal = JMCA,
year = {2015},
volume = {3},
pages = {6929--6934}}

@article{Li15_034120,
author = {Ding, Feizhi and Lingerfelt, David B. and Mennucci, Benedetta and Li, Xiaosong},
title = {{Time-dependent Non-equilibrium Dielectric Response in QM/Continuum Approaches}},
journal = JCP,
year = {2015},
volume = {142},
number = {3},
pages = {034120},
month = jan }

###  2014  ###

@article{Li14_214111,
author = {Ding, Feizhi and Goings, Joshua J. and Frisch, Michael J. and Li, Xiaosong},
title = {{Ab initio Non-relativistic Spin Dynamics}},
journal = JCP,
year = {2014},
volume = {141},
number = {21},
pages = {214111},
month = dec }

@article{Li14_26584,
author = {Goings, Joshua J. and Schimpf, Alina M. and May, Joseph W. and Johns, Robert W. and Gamelin, Daniel R. and Li, Xiaosong},
title = {{Theoretical Characterization of Conduction-Band Electrons in Photodoped and Aluminum-Doped Zinc Oxide (AZO) Quantum Dots}},
journal = JPCC,
year = {2014},
volume = {118},
number = {46},
pages = {26584--26590},
month = nov }

@article{Li14_164116,
author = {Goings, Joshua J. and Caricato, Marco and Frisch, Michael J. and Li, Xiaosong},
title = {{Assessment of Low-scaling Approximations to the Equation of Motion Coupled-Cluster Singles and Doubles Equations}},
journal = JCP,
year = {2014},
volume = {141},
number = {16},
pages = {164116},
month = oct }

@article{Li14_24457,
author = {Alessio Petrone and David B. Lingerfelt and Nadia Rega and Xiaosong Li},
title = {From Charge-transfer to a Charge-separated State: A Perspective From the Real-Time TDDFT Excitonic Dynamics},
journal = PCCP,
year = {2014},
volume = {16},
number = {44},
pages = {24457--24465},
month = oct }

@article{Li14_17507,
author = {Fischer, Sean A. and Lingerfelt, David B. and May, Joseph W. and Li, Xiaosong},
title = {Non-adiabatic Molecular Dynamics Investigation of Photoionization State Formation and Lifetime in Mn$^{2+}-doped ZnO Quantum Dots},
journal = PCCP,
year = {2014},
volume = {16},
pages = {17507-17514},
month = jul
}

@article{Li14_244705,
author = {Feizhi Ding and Emilie B. Guidez and Christine M. Aikens and Xiaosong Li},
title = {Quantum Coherent Plasmon in Silver Nanowires: A Real-Time TDDFT Study},
journal = JCP,
year = {2014},
volume = {140},
number = {24},
pages = {244705},
month = jun
}

@article{Li14_13152,
author = {Joseph W. May and Jiao Ma and Ekaterina Badaeva Xiaosong Li},
title = {Effect of Excited-State Structural Relaxation on Midgap Excitations in Co$^{2+}$-Doped ZnO Quantum Dots},
journal = JPCC,
year = {2014},
volume = {118},
number = {24},
pages = {13152-13156},
}

@article{Li14_1910,
  author = {Patrick J. Lestrange and Bo Peng and Feizhi Ding and Gary W. Trucks and Michael J. Frisch and Xiaosong Li},
  title = {Density of States Guided M\oller-Plesset Perturbation Theory},
  journal = JCTC,
  volume = {10},
  year = {2014},
  pages = {1910-1914}
}

@article{Li14_7630,
  author = {Bo Peng and Joseph W. May and Daniel R. Gamelin and Xiaosong Li},
  title = {Effects of Crystallographic and Shape Anisotropies on Dopant-Carrier Exchange Interactions in Magnetic Semiconductor Quantum Dots},
  journal = JPCC,
  volume = {118},
  year = {2014},
  pages = {7630-7636}
}

@article{Li14_115312,
  author = {Liam R. Bradshaw and Joseph W. May and Jillian L. Dempsey and Xiaosong Li and Daniel R. Gamelin},
  title = {Ferromagnetic Excited-state Mn$^{2+}$ Dimers in Zn$_{1-x}$Mn$_{x}$Se Quantum Dots Observed by Time-resolved Magnetophotoluminescence},
  journal = PRB,
  volume = {89},
  year = {2014},
  pages = {115312}
}

@article{Li14_5570,
  author = {Matthew Gliboff and Dana Sulas and Dennis Nordlund and Dane W. deQuilettes and Phu D. Nguyen and Gerald T. Seidler and Xiaosong Li and David S. Ginger},
  title = {Direct Measurement of Acceptor Group Localization on Donor–Acceptor Polymers Using Resonant Auger Spectroscopy},
  journal = JPCC,
  volume = {118},
  year = {2014},
  pages = {5570-5578}
}

@article{Li14_3266,
  author = {David B. Lingerfelt and Sean A. Fischer and Joseph W. May and Xiaosong Li},
  title = {Dynamical Investigations of Inhomogenous Vibrational Broadening in Diluted Magnetic Semiconductor Nanocrystals},
  journal = JPCC,
  volume = {118},
  year = {2014},
  pages = {3266--3273}
}

@article{Li14_77,
  author = {Joshua J. Goings and Feizhi Ding and Xiaosong Li},
  title = {Self-Consistent Field Using Direct Inversion in Iterative Subspace Method and Quasi-Newton Vectors},
  journal = AQC,
  volume = {68},
  year = {2014},
  pages = {77--86}
}

###  2013  ###

@article{Li13_3933,
  author = {Bo Peng and Benjamin E. Van Kuiken and Feizhi Ding and Xiaosong Li},
  title = {A Guided Self-Consistent-Field Method for Excited State Wave Function Optimization: Applications to Ligand Field Transitions in Transition Metal Complexes},
  journal = JCTC,
  volume = {9},
  year = {2013},
  pages = {3933--3938}
}

@article{Li13_4425,
  author = {Chang-Zhi Li and Chu-Chen Chueh and Feizhi Ding and Hin-Lap Yip and Po-Wei Liang and Xiaosong Li and Alex K.-Y. Jen},
  title = {Doping of Fullerenes via Anion-Induced Electron Transfer and Its Implication for Surfactant Facilitated High Performance Polymer Solar Cells},
  journal = AM,
  volume = 25,
  year = {2013},
  pages = {4425--4430}
}

@article{Li13_2687,
  author = {Craig T. Chapman and Wenkel Liang and Xiaosong Li},
  title = {Solvent Effects on Intramolecular Charge Transfer Dynamics in a Fullerene Derivative},
  journal = JPCA,
  volume = {117},
  year = {2013},
  pages = {2687--2691}
}

@article{Li13_2457,
  author = {Chang-Zhi Li and Chu-Chen Chueh and Hin-Lap Yip and Feizhi Ding and Xiaosong Li and Alex K.-Y. Jen},
  title = {Solution-Processable Highly Conducting Fullerenes},
  journal = AM,
  volume = {25},
  year = {2013},
  pages = {2457--2461}
}

@article{Li13_064104,
  author = {Feizhi Ding and Benjamin E. Van Kuiken and Bruce E. Eichinger and Xiaosong Li},
  title = {An Efficient Method for Calculating Dynamical Hyperpolarizabilities Using Real-Time Time-Dependent Density Functional Theory},
  journal = JCP,
  volume = {138},
  year = {2013},
  pages = {064104}
}


###  2012  ###

@article{Li12_4853,
  author = {Hrant P. Hratchian and Xiaosong Li},
  title = {Thirty Years of Geometry Optimization in Quantum Chemistry and Beyond: A Tribute to Berny Schlegel},
  journal = JCTC,
  volume = {8},
  year = {2012},
  pages = {4853-4855}
}

@article{Li12_6356,
  author = {Yun-Xiang Xu and Chu-Chen Chueh and Hin-Lap Yip and Fei-Zhi Ding and Yong-Xi Li and Chang-Zhi Li and Xiaosong Li and Wen-Chang Chen and Alex K.-Y. Jen},
  title = {Improved Charge Transport and Absorption Coefficient in Indacenodithieno[3,2-b]thiophene-based Ladder-Type Polymer Leading to Highly Efficient Polymer Solar Cells},
  journal = AM,
  volume = {24},
  year = {2012},
  pages = {6356-6361}
}

@article{Li12_19661,
  author = {Cody W. Schlenker and Kung-Shih Chen and Hin-Lap Yip and Chang-Zhi Li and Liam R. Bradshaw and Stefan T. Ochsenbein and Feizhi Ding and Xiaosong S. Li and Daniel R. Gamelin and Alex K.-Y. Jen and David S. Ginger},
  title = {Polymer Triplet Energy Levels Need Not Limit Photocurrent Collection in Organic Solar Cells},
  journal = JACS,
  volume = {134},
  year = {2012},
  pages = {19661-19668}
}

@article{Li12_2898,
  author = {Phu Nguyen and Feizhi Ding and Sean A. Fischer and Wenkel Liang and Xiaosong Li},
  title = {Solvated First-principles Excited State Charge Transfer Dynamics With Time-Dependent Polarizable Continuum Model and Solvent Dielectric Relaxation},
  journal = JPCL,
  volume = {3},
  year = {2012},
  pages = {2898-2904}
}

@article{Li12_5175,
  author = {Joseph W. May and Jeremy D. Lehner and Michael J. Frisch and Xiaosong Li},
  title = {Transition State Search Using a Guided Direct Inversion in the Iterative Subspace Method},
  journal = JCTC,
  volume = {8},
  year = {2012},
  pages = {5175-5179}
}

@article{Li12_22A512,
  author = {Feizhi Ding and Craig T. Chapman and Wenkel Liang and Xiaosong Li},
  title = {Mechanisms of Bridge-mediated Electron Transfer: A TDDFT Electronic Dynamics Study},
  journal = JCP,
  volume = {137},
  year = {2012},
  pages = {22A512}
}

@article{Li12_1374,
  author = {Joseph W. May and Ryan J. McMorris and Xiaosong Li},
  title = {Ferromagnetism in $P$-Type Manganese-Doped Zinc Oxide Quantum Dots},
  journal = JPCL,
  volume = {3},
  year = {2012},
  pages = {1374-1380}
}

@article{Li12_11223,
  author = {Bo Peng and Wenkel Liang and Michael A. White and Daniel R. Gamelin and Xiaosong Li},
  title = {Theoretical Evaluation of Spin-Dependent Auger De-Excitation in Mn$^{2+}$-Doped Semiconductor Nanocrystals},
  journal = JPCC,
  volume = {116},
  number = {20},
  year = {2012},
  pages = {11223-11231}
}

@article{Li12_1884,
  author = {Wenkel Liang and Craig T. Chapman and Feizhi Ding and Xiaosong Li},
  title = {Modeling Ultrafast Solvated Electronic Dynamics Using Time-Dependent Density Functional Theory and Polarizable Continuum Model},
  journal = JPCA,
  volume = {116},
  number = {8},
  year = {2012},
  pages = {1884-1890}
}

@article{Li12_446,
  author = {Christopher Moss and Wenkel Liang and Xiaosong Li and Franti\v{s}ek Ture\v{c}ek},
  title = {The Early Life of a Peptide Cation-Radical. Ground and Excited-State Trajectories of Electron-Based Peptide Dissociations During the First 330 Femtoseconds},
  journal = JASMS,
  volume = {23},
  issue = {3},
  year = {2012},
  pages = {446-459}
}


###  2011  ###

@article{Li11_195324,
  author = {R\'{e}mi Beaulac and Yong Feng and Joseph W. May and Ekaterina Badaeva and Daniel R. Gamelin and Xiaosong Li},
  title = {Orbital Pathways for Mn${}^{2+}$-carrier $Sp$--$d$ Exchange in Diluted Magnetic Semiconductor Quantum Dots},
  journal = PRB,
  volume = {84},
  issue = {19},
  year = {2011},
  pages = {195324}
}

@article{Li11_164101,
  author = {Feizhi Ding and Wenkel Liang and Craig T. Chapman and Christine M. Isborn and Xiaosong Li},
  title = {On the Gauge Invariance of Nonperturbative Electronic Dynamics Using the Time-dependent Hartree-Fock and Time-dependent Kohn-Sham},
  journal = JCP,
  volume = {135},
  number = {16},
  year = {2011},
  pages = {164101}
}

@article{Li11_144102,
  author = {Sean A. Fischer and Craig T. Chapman and Xiaosong Li},
  title = {Surface Hopping With Ehrenfest Excited Potential},
  journal = JCP,
  volume = {135},
  number = {14},
  year = {2011},
  pages = {144102}
}

@article{Li11_3540,
  author = {Wenkel Liang and Sean A. Fischer and Michael J. Frisch and Xiaosong Li},
  title = {Energy-Specific Linear Response TDHF/TDDFT for Calculating High-Energy Excited States},
  journal = JCTC,
  volume = {7},
  number = {11},
  year = {2011},
  pages = {3540-3547}
}

@article{Li11_20986,
  author = {Ekaterina Badaeva and Joseph W. May and Jiao Ma and Daniel R. Gamelin and Xiaosong Li},
  title = {Characterization of Excited-State Magnetic Exchange in Mn$^{2+}$-Doped ZnO Quantum Dots Using Time-Dependent Density Functional Theory},
  journal = JPCC,
  volume = {115},
  number = {43},
  year = {2011},
  pages = {20986-20991}
}

@article{Li11_12566,
  author = {Wenkel Liang and Xiaosong Li and Larry R. Dalton and Bruce H. Robinson and Bruce E. Eichinger},
  title = {Solvents Level Dipole Moments},
  journal = JPCB,
  volume = {115},
  number = {43},
  year = {2011},
  pages = {12566-12570}
}

@article{Li11_184102,
  author = {Wenkel Liang and Craig T. Chapman and Xiaosong Li},
  title = {Efficient First-principles Electronic Dynamics},
  journal = JCP,
  volume = {134},
  number = {18},
  year = {2011},
  pages = {184102}
}

@article{Li11_1189,
  author = {Craig T. Chapman and Wenkel Liang and Xiaosong Li},
  title = {Ultrafast Coherent Electron-Hole Separation Dynamics in a Fullerene Derivative},
  journal = JPCL,
  volume = {2},
  number = {10},
  year = {2011},
  pages = {1189-1192}
}

@article{Li11_3505,
  author = {Denise H. Bale and Bruce E. Eichinger and Wenkel Liang and Xiaosong Li and Larry R. Dalton and Bruce H. Robinson and Philip J. Reid},
  title = {Dielectric Dependence of the First Molecular Hyperpolarizability for Electro-Optic Chromophores},
  journal = JPCB,
  volume = {115},
  number = {13},
  year = {2011},
  pages = {3505-3513}
}

@article{Li11_024118,
  author = {Craig T. Chapman and Wenkel Liang and Xiaosong Li},
  title = {Open-system Electronic Dynamics and Thermalized Electronic Structure},
  journal = JCP,
  volume = {134},
  number = {2},
  year = {2011},
  pages = {024118}
}


###  2010  ###

@article{Li10_3352,
  author = {Wenkel Liang and Craig T. Chapman and Michael J. Frisch and Xiaosong Li},
  title = {Geometry Optimization With Multilayer Methods Using Least-Squares Minimization},
  journal = JCTC,
  volume = {6},
  number = {11},
  year = {2010},
  pages = {3352-3357}
}

@article{Li10_22284,
  author = {Jane Hung and Wenkel Liang and Jingdong Luo and Zhengwei Shi and Alex K.-Y. Jen and Xiaosong Li},
  title = {Rational Design Using Dewar's Rules for Enhancing the First Hyperpolarizability of Nonlinear Optical Chromophores},
  journal = JPCC,
  volume = {114},
  number = {50},
  year = {2010},
  pages = {22284-22288}
}

@article{Li10_2034,
  author = {Wenkel Liang and Haitao Wang and Jane Hung and Xiaosong Li and Michael J. Frisch},
  title = {Eigenspace Update for Molecular Geometry Optimization in Nonredundant Internal Coordinate},
  journal = JCTC,
  volume = {6},
  number = {7},
  year = {2010},
  pages = {2034-2039}
}

@article{Li10_5601,
  author = {Zhengwei Shi and Wenkel Liang and Jingdong Luo and Su Huang and Brent M. Polishak and Xiaosong Li and Todd R. Younkin and Bruce A. Block and Alex K.-Y. Jen},
  title = {Tuning the Kinetics and Energetics of Diels-Alder Cycloaddition Reactions to Improve Poling Efficiency and Thermal Stability of High-Temperature Cross-Linked Electro-Optic Polymers},
  journal = CM,
  volume = {22},
  number = {19},
  year = {2010},
  pages = {5601-5608}
}

@article{Li10_6201,
  author = {Wenkel Liang and Christine M. Isborn and Alex Lindsay and Xiaosong Li and Stanley M. Smith and Robert J. Levis},
  title = {Time-Dependent Density Functional Theory Calculations of Ehrenfest Dynamics of Laser Controlled Dissociation of NO$^{+}$: Pulse Length and Sequential Multiple Single-Photon Processes},
  journal = JPCA,
  volume = {114},
  number = {21},
  year = {2010},   
  pages = {6201-6206}
}

@article{Li10_1927,
  author = {Yong Feng and Ekaterina Badaeva and Daniel R. Gamelin and Xiaosong Li},
  title = {Excited-State Double Exchange in Manganese-Doped ZnO Quantum Dots: A Time-Dependent Density-Functional Study},
  journal = JPCL,
  volume = {1},
  number = {13},
  year = {2010},
  pages = {1927-1931}
}

@article{Li10_2576,
  author = {Stanley M. Smith and Dmitri A. Romanov and Xiaosong Li and Jason A. Sonk and H. Bernhard Schlegel and Robert J. Levis},
  title = {Numerical Bound State Electron Dynamics of Carbon Dioxide in the Strong-Field Regime},
  journal =JPCA,
  volume = {114},
  number = {7},
  year = {2010},
  pages = {2576-2587}
}


###  2009  ###

@article{Li09_204101,
  author = {Wenkel Liang and Christine M. Isborn and Xiaosong Li},
  title = {Obtaining Hartree-Fock and Density Functional Theory Doubly Excited States With Car-Parrinello Density Matrix Search},
  journal = JCP,
  volume = {131},
  number = {20},
  year = {2009},
  pages = {204101}
}

@article{Li09_681,
  author = {Stefan T. Ochsenbein and Yong Feng and Kelly M. Whitaker and Ekaterina Badaeva and William K. Liu and Xiaosong Li and Daniel R. Gamelin},
  title = {Charge-controlled Magnetism in Colloidal Doped Semiconductor Nanocrystals},
  journal = NN,
  volume = {4},
  year = {2009},
  pages = {681-687}
}

@article{Li09_2415,
  author = {Christine M. Isborn and Xiaosong Li},
  title = {Singlet-triplet Transitions in Real-time Time-dependent Hartree-Fock/Density Functional Theory},
  journal = JCTC,
  volume = {5},
  number = {9},
  year = {2009},
  pages = {2415-2419}
}

@article{Li09_024503,
  author = {Christopher L. Moss and Christine M. Isborn and Xiaosong Li},
  title = {Ehrenfest Dynamics With a Time-dependent Density-functional-theory Calculation of Lifetimes and Resonant Widths of Charge-transfer States of Li$^{+}$ Near an Aluminum Cluster Surface},
  journal = PRA,
  volume = {80},
  number = {2},
  year = {2009},
  pages = {024503}
}

@article{Li09_234115,
  author = {Xiaosong Li and Christopher L. Moss and Wenkel Liang and Yong Feng},
  title = {Car-Parrinello Density Matrix Search With a First Principles Fictitious Electron Mass Method for Electronic Wave Function Optimization},
  journal = JCP,
  volume = {130},
  number = {23},
  year = {2009},
  pages = {234115}
}

@article{Li09_3463,
  author = {Wenkel Liang and Christine M. Isborn and Xiaosong Li},
  title = {Laser-Controlled Dissociation of C$_{2}$H$_{2}^{2+}$ : Ehrenfest Dynamics Using Time-Dependent Density Functional Theory},
  journal = JPCA,
  volume = {113},
  number = {15},
  year = {2009},
  pages = {3463-3469}
}

@article{Li09_8710,
  author = {Ekateriana Badaeva and Christine M. Isborn and Yong Feng and Stefan T. Ochsenbein and Daniel R. Gamelin and Xiaosog Li},
  title = {Theoretical Characterization of Electronic Transitions in Co$^{2+}$- and Mn$^{2+}$-Doped ZnO Nanocrystals},
  journal = JPCC,
  volume = {113},
  number = {20},
  year = {2009},
  pages = {8710-8717}
}


###  2008  ###

@article{Li08_204107,
  author = {Christine M. Isborn and Xiaosong Li},
  title = {Modeling the Doubly Excited State With Time-dependent Hartree--Fock and Density Functional Theories},
  journal = JCP,
  volume = {129},
  number = {20},
  year = {2008},
  pages = {204107}
}

@article{Li08_18291,
  author = {Christine M. Isborn and Svetlana V. Kilina and Xiaosong Li and Oleg V. Prezhdo},
  title = {Generation of Multiple Excitons in PbSe and CdSe Quantum Dots by Direct Photoexcitation: First-Principles Calculations on Small PbSe and CdSe Clusters},
  journal = JPCC,
  volume = {112},
  number = {47},
  year = {2008},
  pages = {18291-18294}
}

@article{Li08_114102,
  author = {Christopher L. Moss and Xiaosong Li},
  title = {First Order Simultaneous Optimization of Molecular Geometry and Electronic Wave Function},
  journal = JCP,
  volume = {129},
  number = {11},
  year = {2008},
  pages = {114102}
}

@article{Li08_10565,
  author = {Joshua A. Davies and Arumugasamy Elangovan and Philip A. Sullivan and Benjamin C. Olbricht and Denise H. Bale and Todd R. Ewy and Christine M. Isborn and Bruce E. Eichinger and Bruce H. Robinson and Philip J. Reid and Xiaosong Li and Larry R. Dalton},
  title = {Rational Enhancement of Second-Order Nonlinearity: Bis-(4-methoxyphenyl)hetero-aryl-amino Donor-Based Chromophores: Design, Synthesis, and Electrooptic Activity},
  journal = JACS,
  volume = {130},
  number = {32},
  year = {2008},
  pages = {10565-10575}
}

@article{Li08_055013,
  author = {Ekateriana Badaeva and Yong Feng and Daniel R. Gamelin and Xiaosong Li},
  title = {Investigation of Pure and Co$^{2+}$-doped ZnO Quantum Dot Electronic Structures Using the Density Functional Theory: Choosing the Right Functional},
  journal = NJP,
  volume = {10},
  year = {2008},
  pages = {055013}
}


###  2007  ###

@article{Li07_9146,
  author = {Kristin L. Wustholz and Eric D. Bott and Christine M. Isborn and Xiaosong Li and Bart Kahr and Philip J. Reid},
  title = {Dispersive Kinetics From Single Molecules Oriented in Single Crystals of Potassium Acid Phthalate},
  journal = JPCC,
  volume = {111},
  number = {26},
  year = {2007},
  pages = {9146-9156}
}

@article{Li07_134307,
  author = {Christine M. Isborn and Xiaosong Li and John C. Tully},
  title = {TDDFT Ehrenfest Dynamics: Collisions Between Atomic Oxygen and Graphite Clusters},
  journal = JCP,
  volume = {126},
  year = {2007},
  pages = {134307}
}

@article{Li07_199,
  author = {Xiaosong Li and John C. Tully},
  title = {Ab initio Time-resolved Density Functional Theory for Lifetimes of Excited Adsorbate States at Metal Surfaces},
  journal = CPL,
  volume = {439},
  number = {1-3},
  year = {2007},
  pages = {199}
}

@article{Li07_6920,
  author = {Stanley M. Smith and Xiaosong Li and Alexei Markevitch and Dmitri Romanov and Robert J. Levis and H. Bernhard Schlegel},
  title = {Numerical Simulation of Nonadiabatic Electron Excitation in the Strong-field Regime. 3. Polyacene Neutrals and Cations},
  journal = JPCA,
  volume = {111},
  number = {30},
  year = {2007},
  pages = {6920-6932}
}

@article{Li07_244110,
  author = {H. Bernhard Schlegel and Stanley M. Smith and Xiaosong Li},
  title = {Electronic Optical Response of Molecules in Intense Fields: Comparison of TD-HF, TD-CIS, and TD-CIS(D) Approaches},
  journal = JCP,
  volume = {126},
  number = {24},
  year = {2007},
  pages = {244110}	
}


###  2006  ###

@article{Li06_835,
  author = {Xiaosong Li and Michael J. Frisch},
  title = {Energy-Represented Direct Inversion in the Iterative Subspace Within a Hybrid Geometry Optimization Method},
  journal = JCTC,
  volume = {2},
  number = {3},
  year = {2006},
  pages = {835-839}
}


###  2005  ###

@article{Li05_10527,
  author = {Stanley M. Smith and Xiaosong Li and Alexei N. Markevitch and Dmitri A. Romanov and Robert J. Levis and H. Bernhard Schlegel},
  title = {Numerical Simulation of Nonadiabatic Electron Excitation in the Strong Field Regime. 2. Linear Polyene Cations},
  journal = JPCA,
  volume = {109},
  number = {46},
  year = {2005},
  pages = {10527-10534}
}

@article{Li05_084106,
  author = {Xiaosong Li and John C. Tully and H. Bernhard Schlegel and Michael J. Frisch},
  title = {Ab initio Ehrenfest Dynamics},
  journal = JCP,
  volume = {123},
  number = {8},
  year = {2005},
  pages = {084106}
}

@article{Li05_233,
  author = {Xiaosong Li and Stanley M. Smith and Alexei N. Markevitch and Dmitri A. Romanov and Robert J. Levis and H. Bernhard Schlegel},
  title = {A Time-dependent Hartree-Fock Approach for Studying the Electronic Optical Response of Molecules in Intense Fields},
  journal = PCCP,
  volume = {7},
  issue = {2},
  year = {2005},
  pages = {233-239}
}


@article{Li05_5176,
  author = {Stanley M. Smith and Xiaosong Li and Alexei N. Markevitch and Dmitri A. Romanov and Robert J. Levis and H. Bernhard Schlegel},
  title = {A Numerical Simulation of Nonadiabatic Electron Excitation in the Strong Field Regime:  Linear Polyenes},
  journal = JPCA,
  volume = {109},
  number = {23},
  year = {2005},
  pages = {5176-5185}
}


###  2004  ###
@article{Li04_8526,
  author = {Jie Li and Xiaosong Li and Sason Shaik and H. Bernhard Schlegel},
  title = {Single Transition State Serves Two Mechanisms. Ab initio Classical Trajectory Calculations of the Substitution-Electron Transfer Branching Ratio in CH$_{2}$O$^{\bullet -}$+CH$_{3}$Cl},
  journal = JPCA,
  volume = {108},
  year = {2004},
  pages = {8526-8532}
}

@article{Li04_468,
  author = {Xiaosong Li and H. Bernhard Schlegel},
  title = {Ab initio Classical Trajectory Calculations of Acetylene Dication Dissociation},
  journal = JPCA,
  volume = {108},
  year = {2004},
  pages = {468-472}
}

@article{Li04_88,
  author = {Yong Feng and Lei Liu and Jin-Ti Wang and Xiao-Song Li and Qing-Xiang Guo},
  title = {Blue-shifted Lithium Bonds},
  journal = CC,
  volume = {1},
  year = {2004},
  pages = {88-89}
}

@article{Li04_1099,
  author = {Yong Feng and Su-Wen Zhao and Lei Liu and Jin-Ti Wang and Xiao-Song Li and Qing-Xiang Guo},
  title = {Blue-shifted Dihydrogen Bonds},
  journal = JPOC,
  volume = {17},
  year = {2004},
  pages = {1099-1106}
}

@article{Li04_11063,
  author = {Stanley M. Smith and Alexei N. Markevitch and Dmitri A. Romanov and Xiaosong Li and Robert J. Levis and H. Bernhard Schlegel},
  title = {Static and Dynamic Polarizabilities of Conjugated Molecules and Their Cations},
  journal = JPCA,
  volume = {108},
  year = {2004},
  pages = {11063-11072}
}

@article{Li04_642,
  author = {Jin-X Wang and Yong Feng and Lei Liu and Xiao-Song Li and Qing-Xiang Guo},
  title = {On the Correlation Between the Blue Shif of Hydrogen Bonding and the Proton Donor-proton Acceptor Distance},
  journal = CJC,
  volume = {22},
  year = {2004},
  pages = {642-648}
}


###  2003  ###

@article{Li03_7651,
  author = {Xiaosong Li and John M. Millam and Gustavo E. Scuseria and Michael J. Frisch and H. Bernhard Schlegel},
  title = {Density Matrix Search Using Direct Inversion in the Iterative Subspace as a Linear Scaling Alternative to Diagonalization in Electronic Structure Calculations},
  journal = JCP,
  volume = {119},
  year = {2003},
  pages = {7651}
}

@article{Li03_746,
  author = {Jin-Ti Wang and Yong Feng and Lei Liu and Xiao-Song Li and Qing-Xiang Guo},
  title = {Blue-shifted Hydrogen Bonds With Proton-donors Incapable of Rehybridization},
  journal = CL,
  volume = {32},
  year = {2003},
  pages = {746-747}
}


###  2002  ###

@article{Li02_2554,
  author = {Xiaosong Li and Smriti Anand and John M. Millam and H. Bernhard Schlegel},
  title = {An Ab initio Direct Classical Trajectory Study of S-tetrazine Photodissociation},
  journal = PCCP,
  volume = {4},
  year = {2002},
  pages = {2554-2559}
}

@article{Li02_9639,
  author = {Xiaosong Li and Lei Liu and H. Bernhard Schlegel},
  title = {On the Physical Origin of Blue-Shifted Hydrogen Bonds},
  journal = JACS,
  volume = {124},
  year = {2002},
  pages = {9639-9647}
}

@article{Li02_8694,
  author = {H. Bernhard Schlegel and Srinivasan S. Iyengar and Xiaosong Li and John M. Millam and Gregory A. Voth and Gustavo E. Scuseria and Michael J. Frisch},
  title = {Ab initio Molecular Dynamics: Propagating the Density Matrix With Gaussian Orbitals. III. Comparison With Born–Oppenheimer Dynamics},
  journal = JCP,
  volume = {117},
  year = {2002},
  pages = {8694}
}

@article{Li02_41,
  author = {Rong Chen and Yu-Hui Cheng and Lei Liu and Xiao-Song Li and Qing-Xiang Guo},
  title = {$\Pi$-Type and $\Sigma$-type Cation-$\pi$ Complexes of Atomic Cations},
  journal = RCI,
  volume = {28},
  year = {2002},
  pages = {41-48}
}

@article{Li02_11215,
  author = {Yu-Hui Cheng and Lei Liu and Yao Fu and Rong Chen and Xiao-Song Li and Qing-Xiang Guo},
  title = {Counterion Effects on the Cation-$\pi$ Interaction Between Alkaline Earth Cations and Benzene},
  journal = JPCA,
  volume = {106},
  year = {2002},
  pages = {11215-11220}
}

@article{Li02_247,
  author = {Jian-Miao Fan and Ke-Chun Zhang and Lei Liu and Xiao-Song Li and Qing-Xiang Guo},
  title = {Substituent Effects on the Blue-Shifting Hydrogen Bonds Between X--C$\equiv$C--CF$_{2}$--H and Water},
  journal = CJC,
  volume = {20},
  year = {2002},
  pages = {247-251}
}

@article{Li02_116,
  author = {Ying Fang and Jian-Miao Fan and Lei Liu and Xiao-Song Li and Qing-Xiang Guo},
  title = {Steric Effect Is an Additional Possible Cause of Blue-shifting Hydrogen Bonds},
  journal = CL,
  volume = {2002},
  year = {31},
  pages = {116-117}
}

@article{Li02_4669,
  author = {Ying Fang and Lei Liu and Yong Feng and Xiao-Song Li and Qing-Xiang Guo},
  title = {Effects of Hydrogen Bonding to Amines on the Phenol/Phenoxyl Radical Oxidation},
  journal = JPCA,
  volume = {106},
  year = {2002},
  pages = {4669-4678}
}

@article{Li02_6651,
  author = {Ke-Sheng Song and Yu-Hui Cheng and Yao Fu and Lei Liu and Xiao-Song Li and Qing-Xiang Guo},
  title = {Radical Stabilization Energies of Substituted XNH$\boldsymbol{\cdot}$ Radicals},
  journal = JPCA,
  volume = {106},
  year = {2002},
  pages = {6651-6658}
}


### 2001 ###

@article{Li01_61,
  author = {Rong Chen and Ke-Chun Zhang and Lei Liu and Xiao-Song Li and Qing-Xiang Guo},
  title = {Substituent Effects in X--C$\equiv$C--H$\cdots$NH$_{3}$ (Or OH$_{2}$, FH) Hydrogen Bonding},
  journal = CPL,
  volume = {338},
  year = {2001},
  pages = {61-66}
}

@article{Li01_8897,
  author = {Xiaosong Li and John M. Millam and H. Bernhard Schlegel},
  title = {Glyoxal Photodissociation. An Ab initio Direct Classical Trajectory Study of C$_{2}$H$_{2}$O$_{2}\rightarrow$H$_{2}$ + 2CO},
  journal = JCP,
  volume = {114},
  year = {2001},
  pages = {8897-8904}
}

@article{Li01_6907,
  author = {Xiaosong Li and John M. Millam and H. Bernhard Schlegel},
  title = {Glyoxal Photodissociation. II. An Ab initio Direct Classical Trajectory Study of C$_{2}$H$_{2}$O$_{2}\rightarrow$CO + H$_{2}$CO},
  journal = JCP,
  volume = {115},
  year = {2001},
  pages = {6907-6912}
}

@article{Li01_8,
  author = {Xiaosong Li and H. Bernhard Schlegel},
  title = {Photodissociation of Glyoxal: Resolution of a Paradox},
  journal = JCP,
  volume = {114},
  year = {2001},
  pages = {8-10}
}

@article{Li01_35,
  author = {Lei Liu and Ke-Sheng Song and Xiao-Song Li and Qing-Xiang Guo},
  title = {Charge-transfer Interaction: A Driving Force for Cyclodextrin Inclusion Complexation},
  journal = JIPMC,
  volume = {40},
  year = {2001},
  pages = {35-39}
}

@article{Li01_559,
  author = {Ting-Wei Mu and Lei Liu and Xiao-Song Li and Qing-Xiang Guo},
  title = {A Theoretical Study on the Inclusion Complexation of Cyclodextrins With Radical Cations and Anions},
  journal = JPOC,
  volume = {14},
  year = {2001},
  pages = {559-565}
}

@article{Li01_105,
  author = {Ke-Sheng Song and Chen-Rui Hou and Lei Liu and Xiao-Song Li and Qing-Xiang Guo},
  title = {A Quantum-chemical Study on the Molecular Recognition of $\Beta$-cyclodextrin With Ground and Excited Xanthones},
  journal = JPPA,
  volume = {139},
  year = {2001},
  pages = {105-109}
}


### 2000 ###

@article{Li00_849,
  author = {Xiao-Song Li and Lei Liu and Ting-Wei Mu and Qing-Xiang Guo},
  title = {A Systematic Quantum Chemistry Study on Cyclodextrins},
  journal = MFC,
  volume = {131},
  year = {2000},
  pages = {849-855}
}

@article{Li00_375,
  author = {Xiao-Song Li and Lei Liu and Ting-Wei Mu and Qing-Xiang Guo and You-Cheng Liu},
  title = {A Theoretical Study on the Structure and Properties of Phenothiazine Derivatives and Their Radical Cations},
  journal = RCI,
  volume = {26},
  year = {2000},
  pages = {375-384}
}

@article{Li00_10062,
  author = {Xiaosong Li and John M. Millam and H. Bernhard Schlegel},
  title = {Ab initio Molecular Dynamics Studies of the Photodissociation of Formaldehyde, H$_{2}$CO$\rightarrow$H$_{2}$ + CO: Direct Classical Trajectory Calculations by MP2 and Density Functional Theory},
  journal = JCP,
  volume = {113},
  year = {2000},
  pages = {10062-10067}
}

@article{Li00_31,
  author = {Lei Liu and Xiao-Song Li and Qing-Xiang Guo},
  title = {Orientation Conversion in the Complexation of $\Alpha$-cyclodextrin With 4-fluorophenol: A PM3 Quantum Chemical Study},
  journal = JMS,
  volume = {530},
  year = {2000},
  pages = {31-37}
}

@article{Li00_199,
  author = {Lei Liu and Xiao-Song Li and Ting-Wei Mu and Qing-Xiang Guo and You-Cheng Liu},
  title = {Interplay Between Molecular Recognition and Redox Properties: A Theoretical Study of the  Inclusion Complexation of $\Beta$-Cyclodextrin With Phenothiazine and Its Radical Cation},
  journal = JIPMC,
  volume = {38},
  year = {2000},
  pages = {199-206}
}

@article{Li00_127,
  author = {Lei Liu and Xiao-Song Li and Ke-Sheng Song and Qing-Xiaog Guo},
  title = {PM3 Studies on the Complexation of $\Alpha$-cyclodextrin With Benzaldehyde and Acetophenone},
  journal = JMS,
  volume = {531},
  year = {2000},
  pages = {127-134}
}

@article{Li00_739,
  author = {Ke-Sheng Song and Lei Liu and Chen-Rui Hou and Xiao-Song Li and Qing-Xiang Guo},
  title = {Molecular Orbital and DFT Studies of the Alimemazine Radical Cation},
  journal = RCI,
  volume = {26},
  year = {2000},
  pages = {739-745}
}


### 1999 ###

@article{Li99_117,
  author = {Xiao-Song Li and Lei Liu and Qing-Xiang Guo and Shi-Dong Chu and You-Cheng Liu},
  title = {PM3 Molecular Orbital Calculations on the Complexation of $\Alpha$-cyclodextrin With Acetophenone},
  journal = CPL,
  volume = {307},
  year = {1999},
  pages = {117-120}
}

@article{Li99_1053,
  author = {Lei Liu and Xiao-Song Li and Qing-Xiang Guo and You-Cheng Liu},
  title = {Hartree-Fock and Density Functional Theory Studies on the Molecular Recognition of the Cyclodextrin},
  journal = CCL,
  volume = {10},
  year = {1999},
  pages = {1053-1056}
}


### GAUSSIAN ###

@misc{G09D,
  author={M. J. Frisch and G. W. Trucks and H. B. Schlegel and G. E. Scuseria and
    M. A. Robb and J. R. Cheeseman and G. Scalmani and V. Barone and B. Mennucci and
    G. A. Petersson and H. Nakatsuji and M. Caricato and X. Li and H. P. Hratchian and
    A. F. Izmaylov and J. Bloino and G. Zheng and J. L. Sonnenberg and M. Hada and
    M. Ehara and K. Toyota and R. Fukuda and J. Hasegawa and M. Ishida and T. Nakajima and
    Y. Honda and O. Kitao and H. Nakai and T. Vreven and J. A. Montgomery {Jr.} and
    J. E. Peralta and F. Ogliaro and M. Bearpark and J. J. Heyd and E. Brothers and
    K. N. Kudin and V. N. Staroverov and R. Kobayashi and J. Normand and K. Raghavachari and
    A. Rendell and J. C. Burant and S. S. Iyengar and J. Tomasi and M. Cossi and N. Rega and
    J. M. Millam and M. Klene and J. E. Knox and J. B. Cross and V. Bakken and C. Adamo and
    J. Jaramillo and R. Gomperts and R. E. Stratmann and O. Yazyev and A. J. Austin and
    R. Cammi and C. Pomelli and J. W. Ochterski and R. L. Martin and K. Morokuma and
    V. G. Zakrzewski and G. A. Voth and P. Salvador and J. J. Dannenberg and S. Dapprich and
    A. D. Daniels and \"O. Farkas and J. B. Foresman and J. V. Ortiz and J. Cioslowski and D. J. Fox},
  title={Gaussian~09 {R}evision {D}.01},
  note={Gaussian Inc., Wallingford CT 2013}
}

@misc{G09C,
  author={M. J. Frisch and G. W. Trucks and H. B. Schlegel and G. E. Scuseria and
    M. A. Robb and J. R. Cheeseman and G. Scalmani and V. Barone and B. Mennucci and
    G. A. Petersson and H. Nakatsuji and M. Caricato and X. Li and H. P. Hratchian and
    A. F. Izmaylov and J. Bloino and G. Zheng and J. L. Sonnenberg and M. Hada and
    M. Ehara and K. Toyota and R. Fukuda and J. Hasegawa and M. Ishida and T. Nakajima and
    Y. Honda and O. Kitao and H. Nakai and T. Vreven and J. A. Montgomery {Jr.} and
    J. E. Peralta and F. Ogliaro and M. Bearpark and J. J. Heyd and E. Brothers and
    K. N. Kudin and V. N. Staroverov and T. Keith and R. Kobayashi and J. Normand and
    K. Raghavachari and A. Rendell and J. C. Burant and S. S. Iyengar and J. Tomasi and
    M. Cossi and N. Rega and J. M. Millam and M. Klene and J. E. Knox and J. B. Cross and
    V. Bakken and C. Adamo and J. Jaramillo and R. Gomperts and R. E. Stratmann and
    O. Yazyev and A. J. Austin and R. Cammi and C. Pomelli and J. W. Ochterski and
    R. L. Martin and K. Morokuma and V. G. Zakrzewski and G. A. Voth and
    P. Salvador and J. J. Dannenberg and S. Dapprich and A. D. Daniels and
    \"O. Farkas and J. B. Foresman and J. V. Ortiz and J. Cioslowski and D. J. Fox},
  title={Gaussian~09 {R}evision {C}.01},
  note={Gaussian Inc., Wallingford CT 2010}
}

@misc{GDVH01,
  author={M. J. Frisch and G. W. Trucks and H. B. Schlegel and G. E. Scuseria and
    M. A. Robb and J. R. Cheeseman and G. Scalmani and V. Barone and B. Mennucci and
    G. A. Petersson and H. Nakatsuji and M. Caricato and X. Li and H. P. Hratchian and
    A. F. Izmaylov and J. Bloino and G. Zheng and J. L. Sonnenberg and M. Hada and
    M. Ehara and K. Toyota and R. Fukuda and J. Hasegawa and M. Ishida and T. Nakajima and
    Y. Honda and O. Kitao and H. Nakai and T. Vreven and J. A. Montgomery, {Jr.} and
    J. E. Peralta and F. Ogliaro and M. Bearpark and J. J. Heyd and E. Brothers and
    K. N. Kudin and V. N. Staroverov and R. Kobayashi and J. Normand and
    K. Raghavachari and A. Rendell and J. C. Burant and S. S. Iyengar and J. Tomasi and
    M. Cossi and N. Rega and J. M. Millam and M. Klene and J. E. Knox and J. B. Cross and
    V. Bakken and C. Adamo and J. Jaramillo and R. Gomperts and R. E. Stratmann and
    O. Yazyev and A. J. Austin and R. Cammi and C. Pomelli and J. W. Ochterski and
    R. L. Martin and K. Morokuma and V. G. Zakrzewski and G. A. Voth and
    P. Salvador and J. J. Dannenberg and S. Dapprich and P. V. Parandekar and
    N. J. Mayhall and A. D. Daniels and \"O. Farkas and J. B. Foresman and
    J. V. Ortiz and J. Cioslowski and D. J. Fox},
  title={Gaussian~{D}evelopment~{V}ersion {R}evision {H}.01},
  note={Gaussian Inc., Wallingford CT 2009}
}

@misc{GDVH09P,
  author={M. J. Frisch and G. W. Trucks and H. B. Schlegel and G. E. Scuseria and
    M. A. Robb and J. R. Cheeseman and G. Scalmani and V. Barone and B. Mennucci and
    G. A. Petersson and H. Nakatsuji and M. Caricato and X. Li and H. P. Hratchian and
    A. F. Izmaylov and J. Bloino and G. Zheng and J. L. Sonnenberg and M. Hada and
    M. Ehara and K. Toyota and R. Fukuda and J. Hasegawa and M. Ishida and T. Nakajima and
    Y. Honda and O. Kitao and H. Nakai and T. Vreven and J. A. Montgomery {Jr.} and
    J. E. Peralta and F. Ogliaro and M. Bearpark and J. J. Heyd and E. Brothers and
    K. N. Kudin and V. N. Staroverov and T. Keith and R. Kobayashi and J. Normand and
    K. Raghavachari and A. Rendell and J. C. Burant and S. S. Iyengar and J. Tomasi and
    M. Cossi and N. Rega and J. M. Millam and M. Klene and J. E. Knox and J. B. Cross and
    V. Bakken and C. Adamo and J. Jaramillo and R. Gomperts and R. E. Stratmann and
    O. Yazyev and A. J. Austin and R. Cammi and C. Pomelli and J. W. Ochterski and
    R. L. Martin and K. Morokuma and V. G. Zakrzewski and G. A. Voth and
    P. Salvador and J. J. Dannenberg and S. Dapprich and P. V. Parandekar and
    N. J. Mayhall and A. D. Daniels and \"O. Farkas and J. B. Foresman and
    J. V. Ortiz and J. Cioslowski and D. J. Fox},
  title={Gaussian~{D}evelopment~{V}ersion {R}evision {H}.09+},
  note={Gaussian Inc., Wallingford CT 2011}
}

@misc{GDVH12P,
  author={M. J. Frisch and G. W. Trucks and H. B. Schlegel and G. E. Scuseria and
    M. A. Robb and J. R. Cheeseman and G. Scalmani and V. Barone and B. Mennucci and
    G. A. Petersson and H. Nakatsuji and M. Caricato and X. Li and H. P. Hratchian and
    A. F. Izmaylov and J. Bloino and G. Zheng and J. L. Sonnenberg and W. Liang and
    M. Hada and M. Ehara and K. Toyota and R. Fukuda and J. Hasegawa and M. Ishida and
    T. Nakajima and Y. Honda and O. Kitao and H. Nakai and T. Vreven and
    J. A. Montgomery, {Jr.} and J. E. Peralta and F. Ogliaro and M. Bearpark and
    J. J. Heyd and E. Brothers and K. N. Kudin and V. N. Staroverov and T. Keith and
    R. Kobayashi and J. Normand and K. Raghavachari and A. Rendell and J. C. Burant and
    S. S. Iyengar and J. Tomasi and M. Cossi and N. Rega and J. M. Millam and M. Klene and
    J. E. Knox and J. B. Cross and V. Bakken and C. Adamo and J. Jaramillo and
    R. Gomperts and R. E. Stratmann and O. Yazyev and A. J. Austin and R. Cammi and
    C. Pomelli and J. W. Ochterski and R. L. Martin and K. Morokuma and
    V. G. Zakrzewski and G. A. Voth and P. Salvador and J. J. Dannenberg and
    S. Dapprich and P. V. Parandekar and N. J. Mayhall and A. D. Daniels and
    \"O. Farkas and J. B. Foresman and J. V. Ortiz and J. Cioslowski and D. J. Fox},
  title={Gaussian~{D}evelopment~{V}ersion {R}evision {H}.12+},
  note={Gaussian Inc., Wallingford CT 2011}
}

@misc{GDVH13,
  author={M. J. Frisch and G. W. Trucks and H. B. Schlegel and G. E. Scuseria and
    M. A. Robb and J. R. Cheeseman and G. Scalmani and V. Barone and B. Mennucci and
    G. A. Petersson and H. Nakatsuji and M. Caricato and X. Li and H. P. Hratchian and
    A. F. Izmaylov and J. Bloino and G. Zheng and J. L. Sonnenberg and W. Liang and
    M. Hada and M. Ehara and K. Toyota and R. Fukuda and J. Hasegawa and M. Ishida and
    T. Nakajima and Y. Honda and O. Kitao and H. Nakai and T. Vreven and
    J. A. Montgomery {Jr.} and J. E. Peralta and F. Ogliaro and M. Bearpark and
    J. J. Heyd and E. Brothers and K. N. Kudin and V. N. Staroverov and T. Keith and
    R. Kobayashi and J. Normand and K. Raghavachari and A. Rendell and J. C. Burant and
    S. S. Iyengar and J. Tomasi and M. Cossi and N. Rega and J. M. Millam and M. Klene and
    J. E. Knox and J. B. Cross and V. Bakken and C. Adamo and J. Jaramillo and
    R. Gomperts and R. E. Stratmann and O. Yazyev and A. J. Austin and R. Cammi and
    C. Pomelli and J. W. Ochterski and R. L. Martin and K. Morokuma and
    V. G. Zakrzewski and G. A. Voth and P. Salvador and J. J. Dannenberg and
    S. Dapprich and P. V. Parandekar and N. J. Mayhall and A. D. Daniels and
    \"O. Farkas and J. B. Foresman and J. V. Ortiz and J. Cioslowski and D. J. Fox},
  title={Gaussian~{D}evelopment~{V}ersion {R}evision {H}.13},
  note={Gaussian Inc., Wallingford CT 2012}
}

@misc{GDVH21,
  author={M. J. Frisch and G. W. Trucks and H. B. Schlegel and G. E. Scuseria and
    M. A. Robb and J. R. Cheeseman and G. Scalmani and V. Barone and B. Mennucci and
    G. A. Petersson and H. Nakatsuji and M. Caricato and X. Li and H. P. Hratchian and
    A. F. Izmaylov and J. Bloino and G. Zheng and J. L. Sonnenberg and W. Liang and
    M. Hada and M. Ehara and K. Toyota and R. Fukuda and J. Hasegawa and M. Ishida and
    T. Nakajima and Y. Honda and O. Kitao and H. Nakai and T. Vreven and
    J. A. Montgomery, {Jr.} and J. E. Peralta and F. Ogliaro and M. Bearpark and
    J. J. Heyd and E. Brothers and K. N. Kudin and V. N. Staroverov and T. Keith and
    R. Kobayashi and J. Normand and K. Raghavachari and A. Rendell and J. C. Burant and
    S. S. Iyengar and J. Tomasi and M. Cossi and N. Rega and J. M. Millam and M. Klene and
    J. E. Knox and J. B. Cross and V. Bakken and C. Adamo and J. Jaramillo and
    R. Gomperts and R. E. Stratmann and O. Yazyev and A. J. Austin and R. Cammi and
    C. Pomelli and J. W. Ochterski and R. L. Martin and K. Morokuma and
    V. G. Zakrzewski and G. A. Voth and P. Salvador and J. J. Dannenberg and
    S. Dapprich and P. V. Parandekar and N. J. Mayhall and A. D. Daniels and
    \"O. Farkas and J. B. Foresman and J. V. Ortiz and J. Cioslowski and D. J. Fox},
  title={Gaussian~{D}evelopment~{V}ersion {R}evision {H}.21},
  note={Gaussian Inc., Wallingford CT 2012}
}

@misc{GDVI03P,
  author={M. J. Frisch and G. W. Trucks and H. B. Schlegel and G. E. Scuseria and
    M. A. Robb and J. R. Cheeseman and G. Scalmani and V. Barone and B. Mennucci and
    G. A. Petersson and H. Nakatsuji and M. Caricato and X. Li and H. P. Hratchian and
    A. F. Izmaylov and J. Bloino and G. Zheng and J. L. Sonnenberg and W. Liang and
    M. Hada and M. Ehara and K. Toyota and R. Fukuda and J. Hasegawa and M. Ishida and
    T. Nakajima and Y. Honda and O. Kitao and H. Nakai and T. Vreven and
    J. A. Montgomery, {Jr.} and J. E. Peralta and F. Ogliaro and M. Bearpark and
    J. J. Heyd and E. Brothers and K. N. Kudin and V. N. Staroverov and T. Keith and
    R. Kobayashi and J. Normand and K. Raghavachari and A. Rendell and J. C. Burant and
    S. S. Iyengar and J. Tomasi and M. Cossi and N. Rega and J. M. Millam and M. Klene and
    J. E. Knox and J. B. Cross and V. Bakken and C. Adamo and J. Jaramillo and
    R. Gomperts and R. E. Stratmann and O. Yazyev and A. J. Austin and R. Cammi and
    C. Pomelli and J. W. Ochterski and R. L. Martin and K. Morokuma and
    V. G. Zakrzewski and G. A. Voth and P. Salvador and J. J. Dannenberg and
    S. Dapprich and P. V. Parandekar and N. J. Mayhall and A. D. Daniels and
    \"O. Farkas and J. B. Foresman and J. V. Ortiz and J. Cioslowski and D. J. Fox},
  title={Gaussian~{D}evelopment~{V}ersion {R}evision {I}.03+},
  note={Gaussian Inc., Wallingford CT 2014}
}

@misc{GDVI04P,
  author={M. J. Frisch and G. W. Trucks and H. B. Schlegel and G. E. Scuseria and
    M. A. Robb and J. R. Cheeseman and G. Scalmani and V. Barone and B. Mennucci and
    G. A. Petersson and H. Nakatsuji and M. Caricato and X. Li and H. P. Hratchian and
    A. F. Izmaylov and J. Bloino and G. Zheng and J. L. Sonnenberg and W. Liang and
    M. Hada and M. Ehara and K. Toyota and R. Fukuda and J. Hasegawa and M. Ishida and
    T. Nakajima and Y. Honda and O. Kitao and H. Nakai and T. Vreven and
    J. A. Montgomery, {Jr.} and J. E. Peralta and F. Ogliaro and M. Bearpark and
    J. J. Heyd and E. Brothers and K. N. Kudin and V. N. Staroverov and T. Keith and
    R. Kobayashi and J. Normand and K. Raghavachari and A. Rendell and J. C. Burant and
    S. S. Iyengar and J. Tomasi and M. Cossi and N. Rega and J. M. Millam and M. Klene and
    J. E. Knox and J. B. Cross and V. Bakken and C. Adamo and J. Jaramillo and
    R. Gomperts and R. E. Stratmann and O. Yazyev and A. J. Austin and R. Cammi and
    C. Pomelli and J. W. Ochterski and R. L. Martin and K. Morokuma and
    V. G. Zakrzewski and G. A. Voth and P. Salvador and J. J. Dannenberg and
    S. Dapprich and P. V. Parandekar and N. J. Mayhall and A. D. Daniels and
    \"O. Farkas and J. B. Foresman and J. V. Ortiz and J. Cioslowski and D. J. Fox},
  title={Gaussian~{D}evelopment~{V}ersion {R}evision {I}.04+},
  note={Gaussian Inc., Wallingford CT 2016}
}

@misc{chronusq_beta,
  author = {Xiaosong Li and Edward F. Valeev and David Williams-Young and Feizhi Ding and Hongbin Liu and Joshua Goings and Alessio Petrone and Patrick Lestrange},
  title = {Chronus Quantum, Beta Version},
  note = {\url{http://www.chronusquantum.org}},
  year = {2016}
}

